% This file was created with JabRef 2.3.1.
% Encoding: ISO-8859-1

@MASTERSTHESIS{knueppel2008,
  author = {Kn{\"u}ppel, Thyge},
  title = {Structural Analysis for Fault Detection and Isolation in Electrical
	Distribution Systems},
  school = {Technical University of Denmark},
  year = {2008},
  type = {Master's Thesis},
  address = {Department of Electrical Engineering, Centre for Eletric Technology
	and Section for Automation},
  month = {April},
  file = {:msc_thesis_knueppel.pdf:PDF},
  owner = {thyge},
  timestamp = {2008.05.19},
  url = {http://www.elektro.dtu.dk/forskning/eltek/projekter_uddannelse/08/tk.aspx}
}

@article{Myerburg19973,
title = "Sudden cardiac death in persons with normal (or near normal) hearts",
journal = "The American Journal of Cardiology",
volume = "79",
number = "6, Supplement 1",
pages = "3 - 9",
year = "1997",
note = "Is. 6A-Is 6A",
issn = "0002-9149",
doi = "DOI: 10.1016/S0002-9149(97)00112-4",
url = "http://www.sciencedirect.com/science/article/B6T10-43GS4KW-2/2/de365da9d27814f2892f9ebd8b756708",
author = "Robert J. Myerburg"
}
